@article{kue12,
  author =       "I. K. Kueviakoe and A. Lambert and P. Tarroux",
  title =        "Comparison of Interval Constraint Propagation Algorithms for Vehicle Localization",
  journal =      "Journal of Software Engineering and Applications",
  volume =       "5",
  number =       "12B",
  pages =        "157--162",
  year =         "2012"
}

@article{cleary87,
  author =       "John G. Cleary",
  title =        "Logical Arithmetic",
  journal =      "Future Computing Systems",
  volume =       "2",
  number =       "2",
  pages =        "125--149",
  year =         "1987"
}

@INPROCEEDINGS{Benhamou99revisinghull,
    author = {Frédéric Benhamou and Frédéric Goualard and Laurent Granvilliers and Jean-François Puget},
    title = {Revising Hull and Box Consistency},
    booktitle = {Int. Conf. on Logic Programming},
    year = {1999},
    pages = {230--244},
    publisher = {MIT press}
}

@ARTICLE{Benhamou97applyinginterval,
    author = {Frédéric Benhamou and William J. Older},
    title = {Applying interval arithmetic to real, integer and Boolean constraints},
    journal = {Journal of Logic Programming},
    year = {1997},
    volume = {32},
    number = {1},
    pages = {1--24}
}

@techreport{BenhamouCLPIntervals,
 author = {Benhamou, F. and McAllester, D. and van Hentenryck, P.},
 title = {CLP(Intervals) Revisited},
 booktitle = {Proceedings of the 1994 International Symposium on Logic Programming},
 series = {ILPS '94},
 year = {1994},
 isbn = {0-262-52191-1},
 location = {Symposia, Melbourne},
 pages = {124--138},
 numpages = {15},
 url = {http://dl.acm.org/citation.cfm?id=200616.200634},
 acmid = {200634},
 publisher = {MIT Press},
 address = {Cambridge, MA, USA},
}

@book{feiten10,
 author = {Linus Feiten},
 title = {Development and Analysis of Decision Heuristics for an Interval Constraint Solver Handling Non-linear Arithmetic},
 year = {2010},
 source = {http://ira.informatik.uni-freiburg.de/abschlussarbeiten/feiten_dip.pdf},
 publisher = {Department of Computer Science, Albert-Ludwigs-Universitat Freiburg}
}

@inproceedings{chabert2005,
 author = {Chabert, Gilles and Trombettoni, Gilles and Neveu, Bertrand},
 title = {Box-set Consistency for Interval-based Constraint Problems},
 booktitle = {Proceedings of the 2005 ACM Symposium on Applied Computing},
 series = {SAC '05},
 year = {2005},
 isbn = {1-58113-964-0},
 location = {Santa Fe, New Mexico},
 pages = {1439--1443},
 numpages = {5},
 acmid = {1067005},
 publisher = {ACM},
 address = {New York, NY, USA},
} 

@book{rossi2006,
 author = {Rossi, Francesca and Beek, Peter van and Walsh, Toby},
 title = {Handbook of Constraint Programming (Foundations of Artificial Intelligence)},
 year = {2006},
 isbn = {0444527265},
 publisher = {Elsevier Science Inc.},
 address = {New York, NY, USA},
}

@article{Wegner1996,
 author = {Wegner, Peter and Doyle, Jon},
 title = {Editorial: Strategic Directions in Computing Research},
 journal = {ACM Comput. Surv.},
 issue_date = {Dec. 1996},
 volume = {28},
 number = {4},
 month = dec,
 year = {1996},
 issn = {0360-0300},
 pages = {565--574},
 numpages = {10},
 url = {http://doi.acm.org/10.1145/242223.242227},
 doi = {10.1145/242223.242227},
 acmid = {242227},
 publisher = {ACM},
 address = {New York, NY, USA},
}

@book{Vrakas2008,
 author = {Vrakas, Dimitris and Vrakas, Dimitris and Vlahavas, Ioannis Pl},
 title = {Artificial Intelligence for Advanced Problem Solving Techniques},
 year = {2008},
 isbn = {1599047055, 9781599047058},
 publisher = {Information Science Reference - Imprint of: IGI Publishing},
 address = {Hershey, PA},
}

@phdthesis{Vu2005,
   address             = {Lausanne},
   affiliation         = {EPFL},
   author              = {Vu, Xuan-Ha},
  
   original-unit       = {LIA},
   pagecount           = {300},
   production-date     = 2005,
   public-defence-date = 2005,
   publisher           = {EPFL},
   school              = {IC},
   section             = {IC-SIN},
   status              = {PUBLISHED},
   thesis-id           = {3155},
   thesis-note         = {Boi Faltings, Arnold Neumaier, Claude
                         Petitpierre, Michel Rueher, Mohammad Amin
                         Shokrollahi},
   title               = {Rigorous solution techniques for numerical
                         constraint satisfaction problems},
   unit                = {LIA},
   urn                 = {urn:nbn:ch:bel-epfl-thesis3155-6},
   year                = 2005,
}


@misc{bartakGuide,
   author = "Roman Barták",
   title = "On-line Guide to Constraint Programming",
   year = "1998",
   url = "http://ktiml.mff.cuni.cz/~bartak/constraints",
   note = "[Online; cit. 2016-03-29]"
 }
 
 @article{hickeyImplementation,
 author = {Hickey, T. and Ju, Q. and Van Emden, M. H.},
 title = {Interval Arithmetic: From Principles to Implementation},
 journal = {J. ACM},
 issue_date = {September 2001},
 volume = {48},
 number = {5},
 month = sep,
 year = {2001},
 issn = {0004-5411},
 pages = {1038--1068},
 numpages = {31},
 url = {http://doi.acm.org/10.1145/502102.502106},
 doi = {10.1145/502102.502106},
 acmid = {502106},
 publisher = {ACM},
 address = {New York, NY, USA},
}

@INPROCEEDINGS{rueherDependency,
   author = {Michel Rueher},
   title = {Solving Continuous Constraint Systems},
   pages = {35--55},
   booktitle = {Proceedings of 3IA'2005 International Conference in Computer
	Graphics and Artificial Intelligence},
   year = {2005},
   location = {Limoges, FR},
   ISBN = {2-914256-07-8},
   url = {http://users.polytech.unice.fr/~rueher/Publis/3ia_rueher.pdf}
}

@Inbook{silaghi2001,
author="Silaghi, Marius-C{\u{A}}lin
and Sam-Haroud, Djamila
and Faltings, Boi",
editor="Stroulia, Eleni
and Matwin, Stan",
chapter="Search Techniques for Non-Linear Constraint Satisfaction Problems with Inequalities",
title="Advances in Artificial Intelligence: 14th Biennial Conference of the Canadian Society for Computational Studies of Intelligence, AI 2001 Ottawa, Canada, June 7--9, 2001 Proceedings",
year="2001",
publisher="Springer Berlin Heidelberg",
address="Berlin, Heidelberg",
pages="183--193",
isbn="978-3-540-45153-2",
doi="10.1007/3-540-45153-6_18",
url="http://dx.doi.org/10.1007/3-540-45153-6_18"
}

@Book{Moore:09,
author =      {Ramon E. Moore and R. Baker Kearfott and Michael J. Cloud},
title =      {Introduction to Interval Analysis},
publisher =      {SIAM},
year =      2009}

@book{Russell:2003,
 author = {Russell, Stuart J. and Norvig, Peter},
 title = {Artificial Intelligence: A Modern Approach},
 year = {2003},
 isbn = {0137903952},
 edition = {2},
 publisher = {Pearson Education},
} 